<?xml version="1.0" encoding="UTF-8"?><collection><record><leader>08512ntm a2200601 a 4500</leader><controlfield tag="001">006832327</controlfield><controlfield tag="003">MiAaHDL</controlfield><controlfield tag="005">20190719000000.0</controlfield><controlfield tag="006">m        d        </controlfield><controlfield tag="007">cr bn ---auaua</controlfield><controlfield tag="008">090626s1935    xx            00| ||ara d</controlfield><datafield tag="035" ind1=" " ind2=" "><subfield code="a">(MiU)006832327</subfield></datafield><datafield tag="035" ind1=" " ind2=" "><subfield code="a">sdr-miu006832327</subfield></datafield><datafield tag="040" ind1=" " ind2=" "><subfield code="a">MiU</subfield><subfield code="c">MiU</subfield><subfield code="e">amremm</subfield></datafield><datafield tag="043" ind1=" " ind2=" "><subfield code="a">n-us-mi</subfield></datafield><datafield tag="100" ind1="1" ind2=" "><subfield code="6">880-01</subfield><subfield code="a">Iṣfahānī, Muḥammad Ismāʻīl ibn al-Sumayʻ.</subfield></datafield><datafield tag="245" ind1="1" ind2="0"><subfield code="6">880-03</subfield><subfield code="a">[Sharḥ Risālat al-Ḥikmah al-ʻarshīyah al-Ṣadrīyah ... etc.,</subfield><subfield code="f">1354, i.e. 1935].</subfield></datafield><datafield tag="246" ind1="3" ind2="8"><subfield code="a">شرح رسالة الحكمة العرشية</subfield></datafield><datafield tag="246" ind1="3" ind2=" "><subfield code="i">Title from heading on p.3:</subfield><subfield code="a">هذا شرح العرشية لخاتم الحكماء الالهيين ملا اسماعيل</subfield></datafield><datafield tag="260" ind1=" " ind2=" "><subfield code="c">[1935].</subfield></datafield><datafield tag="300" ind1=" " ind2=" "><subfield code="a">202 leaves :</subfield><subfield code="b">paper ;</subfield><subfield code="c">310-327 x 208-230 mm. bound to 340 x 240 mm.</subfield></datafield><datafield tag="500" ind1=" " ind2=" "><subfield code="a">Shelfmark: Ann Arbor, University of Michigan, Special Collections Library, Isl. Ms. 939</subfield></datafield><datafield tag="500" ind1=" " ind2=" "><subfield code="a">Origin: As appears in colophon on p.403, transcription completed 1 Rabīʻ I 1354 [ca. 3 June 1935] corresponding to "الثالث عشر من شهر يونيو من شهور سنة الف وتسعمائة واربعة وثلاثين الميلادية" [perhaps 3 June 1935 was intended]. Copy apparently made from a printed edition (likely the Tehran 1319/1901 edition which had Sharḥ al-ʻArshīyah on the margins of Asrār al-āyāt wa-anwār al-bayyināt, see publisher's preface on p.202). Likely copied in Egypt and eventually bound for James Heyworth-Dunne (d.1974).</subfield></datafield><datafield tag="500" ind1=" " ind2=" "><subfield code="a">Former shelfmark: Mich. Isl. Ms. temp. no. 88</subfield></datafield><datafield tag="500" ind1=" " ind2=" "><subfield code="a">Binding: Boards covered in dark green cloth with black leather over spine (quarter binding) ; pastedowns and flyleaves in wove paper printed with a floral vegetal pattern in green ; spine gold-stamped with title and decorative accents over raised bands "شرح رسالة | الحكمة العرشية | ملا اسماعيل بن السميع| J.H.D." ; sewing difficult to examine ; stuck-on endbands (blue and white stripe) ; overall in fairly good condition.</subfield></datafield><datafield tag="500" ind1=" " ind2=" "><subfield code="a">Support: Wove paper of at least three different types (trimmed to different sizes), lined and unlined.</subfield></datafield><datafield tag="500" ind1=" " ind2=" "><subfield code="a">Script: Ruqʻah ; quick, compact hand in a medium to bold line (line thickness changes) ; serifless and freely ligatured with mainly closed counters, slight effect of inclination to the right and of words descending to baseline, pointing somewhat careless and in strokes rather than distinct dots.</subfield></datafield><datafield tag="500" ind1=" " ind2=" "><subfield code="a">Layout: Written in 23-27 lines per page.</subfield></datafield><datafield tag="500" ind1=" " ind2=" "><subfield code="a">Collation: Verso of a few leaves left blank (i.e. writing only on one side, mainly due to bleed through of ink, see p.242, etc.) ; several leaves recycled (i.e. consist of reused manuscript 'waste') with text in pencil now written over (reminiscent of a palimpsest, sometimes running in a different direction, see pp.118, 120, 230, 232), or in black ink now crossed through (see p.231), or on verso (as in the case of the incomplete text of a letter addressed to al-nāʼib al-ʻāmm in the name of al-Sitt Muḥsinah ʻAbd Allāh zawjat al-marḥūm ʻAbduh Afandī Amīn, regarding a pesky "tenant" at her home in al-Khurunfish, see p.256) ; pagination in black ink, Hindu-Arabic numerals ; pagination in pencil, Western numerals, supplied during digitization.</subfield></datafield><datafield tag="500" ind1=" " ind2=" "><subfield code="a">Colophon: "Scribal," rectangular, reads "تمت هذه النسخة الشريفة المسماة باسرار الآيات وانوار البينات لخاتمة المحققين وفخر المدققين صدر الحق والملة والعلم والدين المعروف بملا صدرا وكان تمام تسويدها في اول ربيع الاول من شهور سنة اربع وخمسين بعد الالف والثلثمائة الهجرية المطابق للثالث عشر من شهر يونيو من شهور سنة الف وتسعمائة واربعة وثلاثين الميلادية والله اسأل ان ينفع بهذه النسخة كل من وقفت بيده وصارت الى خير ملكه انه سميع مجيب قدير قريب آمين"</subfield></datafield><datafield tag="500" ind1=" " ind2=" "><subfield code="a">Incipit: [Sharḥ Risālat al-Ḥikmah al-ʻarshīyah al-Ṣadrīyah] "الحمد لله وزان علمه وكفى والصلاة على عباده الذين اصطفى وبعد فان الرسالة الموسومة بالعرشية من مصنفات صدر متألهة الاسلام ... صدر الحق والحقيقة والملة والدين محمد ابن ابراهيم المعروف بصدر المتألهين ... قد شرحها الشيخ احمد الاحسائي ولكن لم يأت في شرحها الا جرحا ولم يزد عليها الا خفاء وقدحا ... فاظهر الله المعالم الكامل ... محمد بن اسماعيل بن السميع ... فشرح الرسالة المذكورة شرحا يزيل الصعاب ... هذا شرح العرشية لخاتم الحكماء الآلهيين ملا اسماعيل بسم الله الرحمن الرحيم الحمد لله الذي خلقنا بقدرته ثم هدانا الى سبيل معرفته ... وبعد فيقول اقل الخلائق جرما واكثرهم جرما العبد الذليل ... محمد اسماعيل بن السميع ... اني لما رأيت الرسالة الشريفة الموسومة بالحكمة العرشية للمولى الفاضل ... صدر الحكماء والمتألهين ... محمد بن ابراهيم المعروف بصدر الدين ..." ; [Asrār al-āyāt] "نحمدك اللهم يا من تحيرت في بيداء كبريائه الالباب وغرقت في بحار معرفته عقول الاولياء والاقطاب ... هذا كتاب اسرار الآيات وانوار البينات ... نحمدك اللهم يا من بيدك ملكوت الارض والسماء واليه تتشوق الاكوان والآثار ... اما بعد فيقول انزل خلق الله واحوجهم الى كرامة رب العالمين محمد المدعو بصدر الدين ..."</subfield></datafield><datafield tag="500" ind1=" " ind2=" "><subfield code="a">Title supplied by cataloguer from inscription on 'title page' (p.1).</subfield></datafield><datafield tag="500" ind1=" " ind2=" "><subfield code="a">Ms. codex.</subfield></datafield><datafield tag="505" ind1="0" ind2=" "><subfield code="a">2. p.202-p.403 : Asrār al-āyāt wa-anwār al-bayyināt / Muḥammad ibn Ibrāhīm Ṣadr al-Dīn al-Shīrāzī.</subfield></datafield><datafield tag="505" ind1="0" ind2=" "><subfield code="a">1. p.1-p.201 : Sharḥ Risālat al-Ḥikmah al-ʻarshīyah al-Ṣadrīyah / Muḥammad Ismāʻīl ibn al-Sumayʻ al-Iṣfahānī.</subfield></datafield><datafield tag="510" ind1="4" ind2=" "><subfield code="a">Āghā Buzurg al-Ṭihrānī. al-Dharīʻah ilá taṣānīf al-Shīʻah,</subfield><subfield code="c">no.1374 vol.13 p.368</subfield></datafield><datafield tag="510" ind1="4" ind2=" "><subfield code="a">MacEoin, D. "Mullā Ṣadrā S̲H̲īrāzī Ṣadr al-Dīn Muḥammad b. Ibrāhīm Ḳawāmī S̲h̲īrāzī." In EI2,</subfield><subfield code="c">vol. VII, p.547, col. 2</subfield></datafield><datafield tag="510" ind1="4" ind2=" "><subfield code="a">Brockelmann, C. GAL,</subfield><subfield code="c">II 413 ; S II 588 ff.</subfield></datafield><datafield tag="520" ind1="8" ind2=" "><subfield code="a">Careful copy of the commentary by Muḥammad Ismāʻīl ibn al-Sumayʻ al-Iṣfahānī (d.1860 or 61) on al-Ḥikmah al-ʻarshīyah, the popular work on knowledge of God and eschatology by Mullā Ṣadrā Shīrāzī (d.1640), followed by Asrār al-āyāt, also by Mullā Ṣadrā.</subfield></datafield><datafield tag="538" ind1=" " ind2=" "><subfield code="a">Mode of access: Internet.</subfield></datafield><datafield tag="541" ind1=" " ind2=" "><subfield code="a">Acquired in the Fall of 1950.</subfield></datafield><datafield tag="546" ind1=" " ind2=" "><subfield code="a">Arabic.</subfield></datafield><datafield tag="561" ind1=" " ind2=" "><subfield code="a">On upper pastedown label with ex libris of James Heyworth-Dunne (d.1974), stamped with inventory number, "Ex Libris | J. Heyworth-Dunne | D. Lit. (London) | No 7980" ; UM Library inscription on p.3 "Dunning | Heyworth-Dunne | 6-11-51 | 71955" ; possible former inventory mark "231/53" in pencil on 'title page' (p.1) ; marginal glosses.</subfield></datafield><datafield tag="600" ind1="1" ind2="0"><subfield code="a">Ṣadr al-Dīn Shīrāzī, Muḥammad ibn Ibrāhīm,</subfield><subfield code="d">d. 1641.</subfield><subfield code="t">Ḥikmah al-ʻarshīyah.</subfield></datafield><datafield tag="630" ind1="0" ind2="0"><subfield code="a">Qurʼan</subfield><subfield code="x">Criticism, interpretation, etc.</subfield><subfield code="v">Early works to 1800.</subfield></datafield><datafield tag="650" ind1=" " ind2="0"><subfield code="a">Manuscripts, Arabic</subfield><subfield code="z">Michigan</subfield><subfield code="z">Ann Arbor.</subfield></datafield><datafield tag="650" ind1=" " ind2="0"><subfield code="a">Islamic philosophy.</subfield></datafield><datafield tag="700" ind1="1" ind2=" "><subfield code="a">Heyworth-Dunne, J.</subfield><subfield code="q">(James),</subfield><subfield code="e">former owner.</subfield></datafield><datafield tag="700" ind1="1" ind2="2"><subfield code="6">880-07</subfield><subfield code="a">Ṣadr al-Dīn al-Shīrāzī, Muḥammad ibn Ibrāhīm,</subfield><subfield code="d">d. 1641.</subfield><subfield code="t">Asrār al-āyāt.</subfield></datafield><datafield tag="773" ind1="0" ind2=" "><subfield code="a">Heyworth-Dunne Collection.</subfield></datafield><datafield tag="880" ind1="1" ind2="2"><subfield code="6">700-07/</subfield><subfield code="a">صدر الدين الشيرازي، محمد بن ابراهيم.</subfield><subfield code="t">اسرار الايات.</subfield></datafield><datafield tag="880" ind1="1" ind2="0"><subfield code="6">245-03/</subfield><subfield code="a">[شرح رسالة الحكمة العرشية الصدرية ...الخ,</subfield><subfield code="f">1354ه, 1935م].</subfield></datafield><datafield tag="880" ind1="1" ind2=" "><subfield code="6">100-01/</subfield><subfield code="a">اصفهاني، محمد اسماعيل بن السميع.</subfield></datafield><datafield tag="CID" ind1=" " ind2=" "><subfield code="a">006832327</subfield></datafield><datafield tag="DAT" ind1="0" ind2=" "><subfield code="a">20190719102640.0</subfield><subfield code="b">20190719000000.0</subfield></datafield><datafield tag="DAT" ind1="1" ind2=" "><subfield code="a">20190719090653.0</subfield><subfield code="b">2019-07-19T16:11:23Z</subfield></datafield><datafield tag="DAT" ind1="2" ind2=" "><subfield code="a">2015-10-02T18:00:03Z</subfield></datafield><datafield tag="CAT" ind1=" " ind2=" "><subfield code="a">SDR-MIU</subfield><subfield code="d">EX LIBRIS - ALEPH</subfield><subfield code="l">prepare.pl-004-008</subfield></datafield><datafield tag="FMT" ind1=" " ind2=" "><subfield code="a">BK</subfield></datafield><datafield tag="HOL" ind1=" " ind2=" "><subfield code="0">sdr-miu006832327</subfield><subfield code="a">MiU</subfield><subfield code="b">SDR</subfield><subfield code="c">MIU</subfield><subfield code="p">mdp.39015079131200</subfield><subfield code="s">MIU</subfield><subfield code="1">006832327</subfield></datafield><datafield tag="974" ind1=" " ind2=" "><subfield code="b">MIU</subfield><subfield code="c">MIU</subfield><subfield code="d">20190719</subfield><subfield code="s">lit-dlps-dc</subfield><subfield code="u">mdp.39015079131200</subfield><subfield code="y">1935</subfield><subfield code="r">ic-world</subfield><subfield code="q">man</subfield></datafield></record></collection>